@ARTICLE{38,
author={Hausdorff JM,Balash Y, Giladi N.},
journal={Physica A.},
title={Time series analysis of leg movements during freezing of gait in Parkinson's disease:akinesia,rhyme or reason?},
year={2003},
pages={321:656-570}}

@ARTICLE{25,
author ={Cole BT, Roy SH, Nawab SH},
journal={33rdAnnual International Conference of the IEEE EMBS},
title={Detecting Freezing-of-Gait During Unscripted and UNconstrained Activity},
year={2011},
pages={5649-5652}}

@ARTICLE{42,
author={Handojoseno a MA, Shine JM, Nguyen TN, Tran Y, Lewis SJG, Nguyen HT},
journal={34th AnnuInt Conf IEEE Eng Med Biol Soc.},
title={The detection of Freezing of Gait in Parkinson's disease patients using EEG signals based on Wavelet decomposition},
year={2012},
pages={2012:69-72}}

@ARTICLE{43,
author={Mazilu S, Calatroni A, Gazit E, Mirelman A, Hausdorff J, Troester G.},
journal={IEEE J Biomed Heal Informatics.},
title={Prediction of Freezing of Gait in Parkinson's from Physiological Wearables: An Exploratory Study.},
year={2015},
pages={6:1-1}}

@ARTICLE{23,
author={Delval A, Snijders AH, Weerdesteyn V, Duysens JE, Defebvre L, Giladi N, et al.},
journal={Mov Disord.},
title={Objective detection of subtle freezing of gait episodes in Parkinson's disease.},
year={2010},
pages={25: 1684-1693}}

@ARTICLE{39,
author={Nieuwboer A, De Weerdt W, Desloovere K, Fieuws S, Broens-kaucsik E.},
journal={Mov Disord.},
title={Abnormalities of the Spatiotemporal Characteristics of Gait at the Onset of Freezing in Parkinson ` s Disease.},
year={2001},
pages={16: 1066-1075}}

@ARTICLE{44,
author={Takač B, Català A, Rodrìguez Martìn D, van der Aa N, Chen W, Rauterberg M.},
journal={JMIR mhealth uhealth},
title={Position and Orientation Tracking in a Ubiquitous Monitoring System for Parkinson Disease Patients With Freezing of Gait Symptom.},
year={2013},
pages={1: e14}}

@ARTICLE{34,
author={Pérez-Lòpez C, Samà A, Rodrìguez-Martìn D, Català A, Cabestany J, de Mingo E, et al.},
journal={International Work Conference on Artificial Neural Networks Advances in Computational Intelligence Lecture Notes on Computer Science.},
title={Monitoring Motor Fluctuations in Parkinson's Disease Using a Waist-Worn Inertial Sensor.},
year={2015},
pages={461-474}}

@ARTICLE{45,
author={Weiss A, Herman T, Giladi N, Hausdorff JM.},
journal={PLoS One},
title={Objective assessment of fall risk in Parkinson's disease using a body-fixed sensor worn for 3 days.},
year={2014}}

@ARTICLE{19,
author={Han JH, Lee WJ, Tae Beom A, Beom Suk J, Kwang Suk P.},
journal={25th Annual International Conference of the IEEE EMBS.},
title={Gait analysis for freezing detection in
patients with movement disorder using three dimensional acceleration system.},
year={2003},
pages={1863-1865}}

@ARTICLE{21,
author={Bachlin M, Roggen D, Plotnik M, Hausdorff JM, Giladi N, TroÈster G.},
journal={Proc 4th Int ICST Conf Body Area,Networks.},
title={Online Detection of Freezing of Gait in Parkinson's Disease Patients: A Performance Characterization.},
year={2009}}

@ARTICLE{22,
author={Jovanov E, Wang E, Verhagen L, Fredrickson M, Fratangelo R.},
journal={31st Annual International Conference of the IEEE EMBS.},
title={deFOGÐA real time system for detection and unfreezing of gait of Parkinson's patients.},
year={2009},
pages={5151-5154}}

@ARTICLE{24,
author={Zabaleta H, Keller T, Fimbel EJ.},
journal={Gerontechnology.},
title={Gait analysis in frequency domain for freezing detection in patients with
Parkinson's disease.},
year={2008}}

@ARTICLE{26,
author={Niazmand K, Tonn K, Zhao Y, Fietzek UM, Schroeteler F, Ziegler K, et al.},
journal={IEEE Biomedical Circuits and Systems Conference (BioCAS).},
title={Freezing of Gait detection in Parkinson's disease using accelerometer based smart clothes.},
year={2011},
pages={201-204}}

@ARTICLE{46,
author={Zhao Y, Tonn K, Niazmand K, Fietzek UM, D'Angelo LT, Ceballos-Baumann a., et al.},
journal={Proc 2012 IEEE-EMBS Int Conf Biomed Heal Informatics.},
title={Online FOG Identification in Parkinson's disease with a time-frequency combined Algorithm.},
year={2012},
pages={192-195}}

@ARTICLE{48,
author={Mazilu S, Hardegger M, Zhu Z, Roggen D, TroÈster G, Plotnik M, et al.},
journal={Proc 6th Int ICST Conf Pervasive Comput Technol Healthc.},
title={Online Detection of Freezing of Gait with Smartphones and Machine Learning Techniques.},
year={2012},
pages={123-130}}

@ARTICLE{27,
author={Moore ST, Yungher Da, Morris TR, Dilda V, MacDougall HG, Shine JM, et al.},
journal={Neuroeng Rehabil. Journal of NeuroEngineering and Rehabilitation},
title={Autonomous identification of freezing of gait in Parkinson's disease from lower-body segmental accelerometry},
year={2013}}